<record><leader>00000cas a22000007a 4500</leader><controlfield tag="001">10352092</controlfield><controlfield tag="008">840130d18481848mauwr ne      0    0eng d</controlfield><datafield ind1=" " ind2=" " tag="010"><subfield code="a">sn 84022213 </subfield></datafield><datafield ind1=" " ind2=" " tag="040"><subfield code="a">NPX</subfield><subfield code="b">eng</subfield><subfield code="c">NPX</subfield><subfield code="d">DLC</subfield><subfield code="d">MGN</subfield><subfield code="d">OCLCQ</subfield><subfield code="d">OCLCG</subfield><subfield code="d">OCLCQ</subfield></datafield><datafield ind1=" " ind2=" " tag="042"><subfield code="a">msc</subfield></datafield><datafield ind1=" " ind2=" " tag="043"><subfield code="a">n-us-ma</subfield></datafield><datafield ind1="0" ind2="0" tag="050"><subfield code="a">Newspaper 8160-X</subfield></datafield><datafield ind1="0" ind2=" " tag="130"><subfield code="a">Boston Republican (Boston, Mass. : 1848)</subfield></datafield><datafield ind1="1" ind2="4" tag="245"><subfield code="a">The Boston Republican.</subfield></datafield><datafield ind1=" " ind2=" " tag="260"><subfield code="a">Boston [Mass.] :</subfield><subfield code="b">Allen Shepard,</subfield><subfield code="c">-1848.</subfield></datafield><datafield ind1=" " ind2=" " tag="300"><subfield code="a">v. ;</subfield><subfield code="c">61 cm.</subfield></datafield><datafield ind1=" " ind2=" " tag="310"><subfield code="a">Weekly</subfield></datafield><datafield ind1="1" ind2=" " tag="362"><subfield code="a">Began Aug. 11, 1848? Cf. Boston daily Republican, Aug. 9, 1848.</subfield></datafield><datafield ind1="0" ind2=" " tag="362"><subfield code="a">-v. 3, no. 48 (Sept. 8, 1848).</subfield></datafield><datafield ind1=" " ind2=" " tag="500"><subfield code="a">Free Soil.</subfield></datafield><datafield ind1=" " ind2=" " tag="500"><subfield code="a">Editor: W.S. Robinson, 1848.</subfield></datafield><datafield ind1=" " ind2=" " tag="588"><subfield code="a">Description based on: Vol. 3, no. 45 (Aug. 18, 1848).</subfield></datafield><datafield ind1="1" ind2=" " tag="700"><subfield code="a">Robinson, William S.</subfield><subfield code="q">(William Stevens),</subfield><subfield code="d">1818-1876.</subfield></datafield><datafield ind1=" " ind2=" " tag="752"><subfield code="a">United States</subfield><subfield code="b">Massachusetts</subfield><subfield code="c">Suffolk</subfield><subfield code="d">Boston.</subfield></datafield><datafield ind1="0" ind2=" " tag="775"><subfield code="t">Boston daily Republican</subfield><subfield code="w">(DLC)sn 84022209</subfield></datafield><datafield ind1="0" ind2="0" tag="780"><subfield code="t">Boston weekly Whig</subfield><subfield code="w">(DLC)sn 84022212</subfield></datafield><datafield ind1="0" ind2="0" tag="785"><subfield code="t">Boston weekly Republican</subfield><subfield code="w">(DLC)sn 84022214</subfield></datafield><datafield ind1="1" ind2=" " tag="029"><subfield code="a">AU@</subfield><subfield code="b">000023545085</subfield></datafield></record>